@article{headlines,
	author    = {Marc Velay and
	Fabrice Daniel},
	title     = {Using {NLP} on news headlines to predict index trends},
	year      = {2018},
	url       = {http://arxiv.org/abs/1806.09533},
	archivePrefix = {arXiv},
	eprint    = {1806.09533},
	timestamp = {Mon, 13 Aug 2018 16:48:16 +0200},
	biburl    = {https://dblp.org/rec/journals/corr/abs-1806-09533.bib},
	bibsource = {dblp computer science bibliography, https://dblp.org}
}

@article{word2vec,
	author    = {Tomas Mikolov and
	Ilya Sutskever and
	Kai Chen and
	Greg Corrado and
	Jeffrey Dean},
	title     = {Distributed Representations of Words and Phrases and their Compositionality},
	year      = {2013},
	url       = {http://arxiv.org/abs/1310.4546},
	archivePrefix = {arXiv},
	eprint    = {1310.4546},
	timestamp = {Mon, 13 Aug 2018 16:47:09 +0200},
	biburl    = {https://dblp.org/rec/journals/corr/MikolovSCCD13.bib},
	bibsource = {dblp computer science bibliography, https://dblp.org}
}

@article{elmo,
	author    = {Matthew E. Peters and
	Mark Neumann and
	Mohit Iyyer and
	Matt Gardner and
	Christopher Clark and
	Kenton Lee and
	Luke Zettlemoyer},
	title     = {Deep contextualized word representations},
	year      = {2018},
	url       = {http://arxiv.org/abs/1802.05365},
	archivePrefix = {arXiv},
	eprint    = {1802.05365},
	timestamp = {Mon, 13 Aug 2018 16:48:54 +0200},
	biburl    = {https://dblp.org/rec/journals/corr/abs-1802-05365.bib},
	bibsource = {dblp computer science bibliography, https://dblp.org}
}

@inproceedings{glove,
	author = {Pennington, Jeffrey and Socher, Richard and Manning, Christopher},
	year = {2014},
	month = {01},
	pages = {1532-1543},
	title = {Glove: Global Vectors for Word Representation},
	volume = {14},
	journal = {EMNLP},
	doi = {10.3115/v1/D14-1162}
}

@article{LSTM,
	author = {Hochreiter, Sepp and Schmidhuber, Jürgen},
	year = {1997},
	month = {12},
	pages = {1735-80},
	title = {Long Short-term Memory},
	volume = {9},
	journal = {Neural computation},
	doi = {10.1162/neco.1997.9.8.1735}
}

@article{transformer,
	author    = {Ashish Vaswani and
	Noam Shazeer and
	Niki Parmar and
	Jakob Uszkoreit and
	Llion Jones and
	Aidan N. Gomez and
	Lukasz Kaiser and
	Illia Polosukhin},
	title     = {Attention Is All You Need},
	year      = {2017},
	url       = {http://arxiv.org/abs/1706.03762},
	archivePrefix = {arXiv},
	eprint    = {1706.03762},
	timestamp = {Mon, 13 Aug 2018 16:48:37 +0200},
	biburl    = {https://dblp.org/rec/journals/corr/VaswaniSPUJGKP17.bib},
	bibsource = {dblp computer science bibliography, https://dblp.org}
}

@article{BERT,
	author    = {Jacob Devlin and
	Ming{-}Wei Chang and
	Kenton Lee and
	Kristina Toutanova},
	title     = {{BERT:} Pre-training of Deep Bidirectional Transformers for Language
	Understanding},
	year      = {2018},
	url       = {http://arxiv.org/abs/1810.04805},
	archivePrefix = {arXiv},
	eprint    = {1810.04805},
	timestamp = {Tue, 30 Oct 2018 20:39:56 +0100},
	biburl    = {https://dblp.org/rec/journals/corr/abs-1810-04805.bib},
	bibsource = {dblp computer science bibliography, https://dblp.org}
}

@article{pekka,
	author    = {Pekka Malo and
	Ankur Sinha and
	Pyry Takala and
	Pekka J. Korhonen and
	Jyrki Wallenius},
	title     = {Good Debt or Bad Debt: Detecting Semantic Orientations in Economic
	Texts},
	year      = {2013},
	url       = {http://arxiv.org/abs/1307.5336},
	archivePrefix = {arXiv},
	eprint    = {1307.5336},
	timestamp = {Mon, 13 Aug 2018 16:48:47 +0200},
	biburl    = {https://dblp.org/rec/journals/corr/MaloSTKW13.bib},
	bibsource = {dblp computer science bibliography, https://dblp.org}
}


@article{FinBERT,
	author    = {Dogu Araci},
	title     = {FinBERT: Financial Sentiment Analysis with Pre-trained Language Models},
	year      = {2019},
	url       = {http://arxiv.org/abs/1908.10063},
	archivePrefix = {arXiv},
	eprint    = {1908.10063},
	timestamp = {Thu, 29 Aug 2019 16:32:34 +0200},
	biburl    = {https://dblp.org/rec/journals/corr/abs-1908-10063.bib},
	bibsource = {dblp computer science bibliography, https://dblp.org}
}

@book{liu_2015, place={Cambridge}, title={Sentiment Analysis: Mining Opinions, Sentiments, and Emotions}, DOI={10.1017/CBO9781139084789}, publisher={Cambridge University Press}, author={Liu, Bing}, year={2015}}

@INPROCEEDINGS{lexicon,
	author={S. {Sohangir} and N. {Petty} and D. {Wang}},
	booktitle={2018 IEEE 12th International Conference on Semantic Computing (ICSC)}, 
	title={Financial Sentiment Lexicon Analysis}, 
	year={2018},
	volume={},
	number={},
	pages={286-289},
	doi={10.1109/ICSC.2018.00052}}

@misc{malo,
	title={Good Debt or Bad Debt: Detecting Semantic Orientations in Economic Texts}, 
	author={Pekka Malo and Ankur Sinha and Pyry Takala and Pekka Korhonen and Jyrki Wallenius},
	year={2013},
	eprint={1307.5336},
	archivePrefix={arXiv},
	primaryClass={cs.CL}
}

@article{hypothesis,
	Author = {Malkiel, Burton G.},
	Title = {The Efficient Market Hypothesis and Its Critics },
	Journal = {Journal of Economic Perspectives},
	Volume = {17},
	Number = {1},
	Year = {2003},
	Month = {March},
	Pages = {59-82},
	DOI = {10.1257/089533003321164958},
	URL = {https://www.aeaweb.org/articles?id=10.1257/089533003321164958}}

@INPROCEEDINGS{financial_sentiment-1,
	author={M. {Day} and C. {Lee}},
	booktitle={2016 IEEE/ACM International Conference on Advances in Social Networks Analysis and Mining (ASONAM)}, 
	title={Deep learning for financial sentiment analysis on finance news providers}, 
	year={2016},
	volume={},
	number={},
	pages={1127-1134},
	doi={10.1109/ASONAM.2016.7752381}}

@inproceedings{financial_sentiment-2,
	author = {Dodevska, Lodi and Petreski, Viktor and Mishev, Kostadin and Gjorgjevikj, Ana and Vodenska, Irena and Chitkushev, Lubomir and Trajanov, Dimitar},
	year = {2019},
	month = {06},
	pages = {},
	title = {Predicting companies stock price direction by using sentiment analysis of news articles}
}

@article{financial_sentiment-3,
	author = {Souma, Wataru and Vodenska, Irena and Aoyama, Hideaki},
	year = {2019},
	month = {01},
	pages = {},
	title = {Enhanced news sentiment analysis using deep learning methods},
	volume = {2},
	journal = {Journal of Computational Social Science},
	doi = {10.1007/s42001-019-00035-x}
}

@article{financial_sentiment-4,
	author = {Crone, Sven and Koeppel, Christian},
	year = {2014},
	month = {10},
	pages = {114-121},
	title = {Predicting exchange rates with sentiment indicators: An empirical evaluation using text mining and multilayer perceptrons},
	journal = {IEEE/IAFE Conference on Computational Intelligence for Financial Engineering, Proceedings (CIFEr)},
	doi = {10.1109/CIFEr.2014.6924062}
}

@article{financial_sentiment-5,
	author = {Curme, Chester and Stanley, H. and Vodenska, Irena},
	year = {2015},
	month = {10},
	pages = {1550043},
	title = {COUPLED NETWORK APPROACH TO PREDICTABILITY OF FINANCIAL MARKET RETURNS AND NEWS SENTIMENTS},
	volume = {18},
	journal = {International Journal of Theoretical and Applied Finance},
	doi = {10.1142/S0219024915500430}
}

@article{ml-1,
	author = {Tripathy, Abinash and Agrawal, Ankit and Rath, Santanu},
	year = {2016},
	month = {03},
	pages = {},
	title = {Classification of Sentiment Reviews using N-gram Machine Learning Approach},
	volume = {57},
	journal = {Expert Systems with Applications},
	doi = {10.1016/j.eswa.2016.03.028}
}

@inproceedings{tfidf,
	author = {Martineau, Justin and Finin, Tim},
	year = {2009},
	month = {01},
	pages = {},
	title = {Delta TFIDF: An Improved Feature Space for Sentiment Analysis.}
}

@inproceedings{ml-2,
	author = {Whitelaw, Casey and Garg, Navendu and Argamon, Shlomo},
	year = {2005},
	month = {11},
	pages = {},
	title = {Using appraisal groups for sentiment analysis},
	journal = {International Conference on Information and Knowledge Management, Proceedings},
	doi = {10.1145/1099554.1099714}
}

@article{dl-1,
	author    = {Lei Zhang and
	Shuai Wang and
	Bing Liu},
	title     = {Deep Learning for Sentiment Analysis : {A} Survey},
	journal   = {CoRR},
	volume    = {abs/1801.07883},
	year      = {2018},
	url       = {http://arxiv.org/abs/1801.07883},
	archivePrefix = {arXiv},
	eprint    = {1801.07883},
	timestamp = {Thu, 24 Sep 2020 18:35:11 +0200},
	biburl    = {https://dblp.org/rec/journals/corr/abs-1801-07883.bib},
	bibsource = {dblp computer science bibliography, https://dblp.org}
}

@inproceedings{dl-2,
	author = {Stojanovski, Dario and Strezoski, Gjorgji and Madjarov, Gjorgji and Dimitrovski, Ivica},
	year = {2015},
	month = {06},
	pages = {},
	title = {Twitter Sentiment Analysis Using Deep Convolutional Neural Network},
	volume = {9121},
	isbn = {978-3-319-19643-5},
	journal = {Lecture Notes in Artificial Intelligence (Subseries of Lecture Notes in Computer Science)},
	doi = {10.1007/978-3-319-19644-2_60}
}

@article{dl-3,
	author = {Araque, Oscar and Corcuera-Platas, Ignacio and Sánchez-Rada, J. Fernando and Iglesias, Carlos},
	year = {2017},
	month = {02},
	pages = {},
	title = {Enhancing Deep Learning Sentiment Analysis with Ensemble Techniques in Social Applications},
	volume = {77},
	journal = {Expert Systems with Applications},
	doi = {10.1016/j.eswa.2017.02.002}
}

@article{loughran,
	author = {Loughran, Tim and Mcdonald, Bill},
	year = {2011},
	month = {02},
	pages = {35 - 65},
	title = {When Is a Liability NOT a Liability? Textual Analysis, Dictionaries, and 10-Ks},
	volume = {66},
	journal = {The Journal of Finance},
	doi = {10.1111/j.1540-6261.2010.01625.x}
}

@article{naivebayes,
	author = {Wang, Gang and Wang, Tianyi and Wang, Bolun and Sambasivan, Divya and Zhang, Zengbin and Zheng, Haitao and Zhao, Ben},
	year = {2014},
	month = {06},
	pages = {},
	title = {Crowds on Wall Street: Extracting Value from Social Investing Platforms}
}

@article{kraus,
	author    = {Mathias Kraus and
	Stefan Feuerriegel},
	title     = {Decision support from financial disclosures with deep neural networks
	and transfer learning},
	journal   = {CoRR},
	volume    = {abs/1710.03954},
	year      = {2017},
	url       = {http://arxiv.org/abs/1710.03954},
	archivePrefix = {arXiv},
	eprint    = {1710.03954},
	timestamp = {Mon, 13 Aug 2018 16:46:25 +0200},
	biburl    = {https://dblp.org/rec/journals/corr/abs-1710-03954.bib},
	bibsource = {dblp computer science bibliography, https://dblp.org}
}

@inproceedings{rnn-1,
	author = {Tang, Duyu and Qin, Bing and Liu, Ting},
	year = {2015},
	month = {01},
	pages = {1422-1432},
	title = {Document Modeling with Gated Recurrent Neural Network for Sentiment Classification},
	doi = {10.18653/v1/D15-1167}
}


@article{rnn-2,
	author    = {Kai Sheng Tai and
	Richard Socher and
	Christopher D. Manning},
	title     = {Improved Semantic Representations From Tree-Structured Long Short-Term
	Memory Networks},
	journal   = {CoRR},
	volume    = {abs/1503.00075},
	year      = {2015},
	url       = {http://arxiv.org/abs/1503.00075},
	archivePrefix = {arXiv},
	eprint    = {1503.00075},
	timestamp = {Mon, 13 Aug 2018 16:48:20 +0200},
	biburl    = {https://dblp.org/rec/journals/corr/TaiSM15.bib},
	bibsource = {dblp computer science bibliography, https://dblp.org}
}

@article{cnn-1,
	author    = {Yoon Kim},
	title     = {Convolutional Neural Networks for Sentence Classification},
	journal   = {CoRR},
	volume    = {abs/1408.5882},
	year      = {2014},
	url       = {http://arxiv.org/abs/1408.5882},
	archivePrefix = {arXiv},
	eprint    = {1408.5882},
	timestamp = {Mon, 13 Aug 2018 16:46:21 +0200},
	biburl    = {https://dblp.org/rec/journals/corr/Kim14f.bib},
	bibsource = {dblp computer science bibliography, https://dblp.org}
}

@inproceedings{cnn-2,
	author = {Johnson, Rie and Zhang, Tong},
	year = {2017},
	month = {01},
	pages = {562-570},
	title = {Deep Pyramid Convolutional Neural Networks for Text Categorization},
	doi = {10.18653/v1/P17-1052}
}

@article{att-1,
	author = {Sohangir, Sahar and Wang, Dingding and Pomeranets, Anna and Khoshgoftaar, Taghi},
	year = {2018},
	month = {01},
	pages = {},
	title = {Big Data: Deep Learning for financial sentiment analysis},
	volume = {5},
	journal = {Journal of Big Data},
	doi = {10.1186/s40537-017-0111-6}
}

@INPROCEEDINGS{sota_lstm,  author={M. {Maia} and A. {Freitas} and S. {Handschuh}},  booktitle={2018 IEEE 12th International Conference on Semantic Computing (ICSC)},   title={FinSSLx: A Sentiment Analysis Model for the Financial Domain Using Text Simplification},   year={2018},  volume={},  number={},  pages={318-319},  doi={10.1109/ICSC.2018.00065}}

@article{lstm-original,
	author = {Hochreiter, Sepp and Schmidhuber, Jürgen},
	year = {1997},
	month = {12},
	pages = {1735-80},
	title = {Long Short-term Memory},
	volume = {9},
	journal = {Neural computation},
	doi = {10.1162/neco.1997.9.8.1735}
}

@article{gru-original,
	author    = {Kyunghyun Cho and
	Bart van Merrienboer and
	{\c{C}}aglar G{\"{u}}l{\c{c}}ehre and
	Fethi Bougares and
	Holger Schwenk and
	Yoshua Bengio},
	title     = {Learning Phrase Representations using {RNN} Encoder-Decoder for Statistical
	Machine Translation},
	journal   = {CoRR},
	volume    = {abs/1406.1078},
	year      = {2014},
	url       = {http://arxiv.org/abs/1406.1078},
	archivePrefix = {arXiv},
	eprint    = {1406.1078},
	timestamp = {Mon, 13 Aug 2018 16:46:44 +0200},
	biburl    = {https://dblp.org/rec/journals/corr/ChoMGBSB14.bib},
	bibsource = {dblp computer science bibliography, https://dblp.org}
}

@inproceedings{rnn-original,
	title={Learning internal representations by error propagation},
	author={D. Rumelhart and Geoffrey E. Hinton and R. J. Williams},
	year={1986}
}

https://static.aminer.cn/upload/pdf/1381/456/882/58d82fb2d649053542fd18d8_0.pdf